%YAML 1.1
%TAG !u! tag:unity3d.com,2011:
--- !u!29 &1
SceneSettings:
  m_ObjectHideFlags: 0
  m_PVSData: 
  m_PVSObjectsArray: []
  m_PVSPortalsArray: []
  m_OcclusionBakeSettings:
    smallestOccluder: 5
    smallestHole: 0.25
    backfaceThreshold: 100
--- !u!104 &2
RenderSettings:
  m_ObjectHideFlags: 0
  serializedVersion: 6
  m_Fog: 0
  m_FogColor: {r: 0.5, g: 0.5, b: 0.5, a: 1}
  m_FogMode: 3
  m_FogDensity: 0.01
  m_LinearFogStart: 0
  m_LinearFogEnd: 300
  m_AmbientSkyColor: {r: 0.212, g: 0.227, b: 0.259, a: 1}
  m_AmbientEquatorColor: {r: 0.114, g: 0.125, b: 0.133, a: 1}
  m_AmbientGroundColor: {r: 0.047, g: 0.043, b: 0.035, a: 1}
  m_AmbientIntensity: 1
  m_AmbientMode: 0
  m_SkyboxMaterial: {fileID: 10304, guid: 0000000000000000f000000000000000, type: 0}
  m_HaloStrength: 0.5
  m_FlareStrength: 1
  m_FlareFadeSpeed: 3
  m_HaloTexture: {fileID: 0}
  m_SpotCookie: {fileID: 10001, guid: 0000000000000000e000000000000000, type: 0}
  m_DefaultReflectionMode: 0
  m_DefaultReflectionResolution: 128
  m_ReflectionBounces: 1
  m_ReflectionIntensity: 1
  m_CustomReflection: {fileID: 0}
  m_Sun: {fileID: 0}
--- !u!157 &3
LightmapSettings:
  m_ObjectHideFlags: 0
  serializedVersion: 6
  m_GIWorkflowMode: 0
  m_LightmapsMode: 1
  m_GISettings:
    serializedVersion: 2
    m_BounceScale: 1
    m_IndirectOutputScale: 1
    m_AlbedoBoost: 1
    m_TemporalCoherenceThreshold: 1
    m_EnvironmentLightingMode: 0
    m_EnableBakedLightmaps: 1
    m_EnableRealtimeLightmaps: 1
  m_LightmapEditorSettings:
    serializedVersion: 3
    m_Resolution: 2
    m_BakeResolution: 40
    m_TextureWidth: 1024
    m_TextureHeight: 1024
    m_AOMaxDistance: 1
    m_Padding: 2
    m_CompAOExponent: 0
    m_LightmapParameters: {fileID: 0}
    m_TextureCompression: 1
    m_FinalGather: 0
    m_FinalGatherRayCount: 1024
    m_ReflectionCompression: 2
  m_LightingDataAsset: {fileID: 0}
  m_RuntimeCPUUsage: 25
--- !u!196 &4
NavMeshSettings:
  serializedVersion: 2
  m_ObjectHideFlags: 0
  m_BuildSettings:
    serializedVersion: 2
    agentRadius: 0.5
    agentHeight: 2
    agentSlope: 45
    agentClimb: 0.4
    ledgeDropHeight: 0
    maxJumpAcrossDistance: 0
    accuratePlacement: 0
    minRegionArea: 2
    cellSize: 0.16666667
    manualCellSize: 0
  m_NavMeshData: {fileID: 0}
--- !u!1 &26731562
GameObject:
  m_ObjectHideFlags: 0
  m_PrefabParentObject: {fileID: 140764, guid: 11538f27780b457428cae57c4416e517, type: 2}
  m_PrefabInternal: {fileID: 933017890}
  serializedVersion: 4
  m_Component:
  - 4: {fileID: 26731563}
  - 33: {fileID: 26731566}
  - 23: {fileID: 26731565}
  - 65: {fileID: 26731564}
  m_Layer: 0
  m_Name: NorthBorder
  m_TagString: Untagged
  m_Icon: {fileID: 0}
  m_NavMeshLayer: 0
  m_StaticEditorFlags: 0
  m_IsActive: 1
--- !u!4 &26731563
Transform:
  m_ObjectHideFlags: 0
  m_PrefabParentObject: {fileID: 456358, guid: 11538f27780b457428cae57c4416e517, type: 2}
  m_PrefabInternal: {fileID: 933017890}
  m_GameObject: {fileID: 26731562}
  m_LocalRotation: {x: -0.7071068, y: 0, z: -0, w: 0.7071068}
  m_LocalPosition: {x: 4.7461534, y: 1.5716683, z: -0.017545039}
  m_LocalScale: {x: 0.25, y: 2, z: 0.25}
  m_Children: []
  m_Father: {fileID: 389226694}
  m_RootOrder: 1
--- !u!65 &26731564
BoxCollider:
  m_ObjectHideFlags: 0
  m_PrefabParentObject: {fileID: 6522820, guid: 11538f27780b457428cae57c4416e517,
    type: 2}
  m_PrefabInternal: {fileID: 933017890}
  m_GameObject: {fileID: 26731562}
  m_Material: {fileID: 13400000, guid: 8f6ff754f5655884da21ead1a505aba9, type: 2}
  m_IsTrigger: 0
  m_Enabled: 1
  serializedVersion: 2
  m_Size: {x: 1.9999998, y: 2, z: 20}
  m_Center: {x: -0.0000047683716, y: -0.0000000018626451, z: 0}
--- !u!23 &26731565
MeshRenderer:
  m_ObjectHideFlags: 0
  m_PrefabParentObject: {fileID: 2328364, guid: 11538f27780b457428cae57c4416e517,
    type: 2}
  m_PrefabInternal: {fileID: 933017890}
  m_GameObject: {fileID: 26731562}
  m_Enabled: 1
  m_CastShadows: 1
  m_ReceiveShadows: 1
  m_Materials:
  - {fileID: 2100000, guid: 362d5547376201747a4d74a95be0bb91, type: 2}
  m_SubsetIndices: 
  m_StaticBatchRoot: {fileID: 0}
  m_UseLightProbes: 1
  m_ReflectionProbeUsage: 1
  m_ProbeAnchor: {fileID: 0}
  m_ScaleInLightmap: 1
  m_PreserveUVs: 0
  m_IgnoreNormalsForChartDetection: 0
  m_ImportantGI: 0
  m_MinimumChartSize: 4
  m_AutoUVMaxDistance: 0.5
  m_AutoUVMaxAngle: 89
  m_LightmapParameters: {fileID: 0}
  m_SortingLayerID: 0
  m_SortingOrder: 0
--- !u!33 &26731566
MeshFilter:
  m_ObjectHideFlags: 0
  m_PrefabParentObject: {fileID: 3321656, guid: 11538f27780b457428cae57c4416e517,
    type: 2}
  m_PrefabInternal: {fileID: 933017890}
  m_GameObject: {fileID: 26731562}
  m_Mesh: {fileID: 4300014, guid: ff6e8fc6cb6c3604ba2758a4effc07e0, type: 3}
--- !u!1 &48912110
GameObject:
  m_ObjectHideFlags: 0
  m_PrefabParentObject: {fileID: 129182, guid: e77720211c8d0294b97ee510cdfaece2, type: 2}
  m_PrefabInternal: {fileID: 1264016076}
  serializedVersion: 4
  m_Component:
  - 4: {fileID: 48912111}
  - 33: {fileID: 48912114}
  - 23: {fileID: 48912113}
  - 64: {fileID: 48912112}
  m_Layer: 9
  m_Name: Base
  m_TagString: Untagged
  m_Icon: {fileID: 0}
  m_NavMeshLayer: 0
  m_StaticEditorFlags: 0
  m_IsActive: 1
--- !u!4 &48912111
Transform:
  m_ObjectHideFlags: 0
  m_PrefabParentObject: {fileID: 431584, guid: e77720211c8d0294b97ee510cdfaece2, type: 2}
  m_PrefabInternal: {fileID: 1264016076}
  m_GameObject: {fileID: 48912110}
  m_LocalRotation: {x: -0.7071068, y: 0, z: -0, w: 0.7071068}
  m_LocalPosition: {x: 0, y: 0.07006195, z: -0.000000003062505}
  m_LocalScale: {x: 0.15, y: 0.15, z: 0.3499999}
  m_Children: []
  m_Father: {fileID: 1968325241}
  m_RootOrder: 0
--- !u!64 &48912112
MeshCollider:
  m_ObjectHideFlags: 0
  m_PrefabParentObject: {fileID: 6425088, guid: e77720211c8d0294b97ee510cdfaece2,
    type: 2}
  m_PrefabInternal: {fileID: 1264016076}
  m_GameObject: {fileID: 48912110}
  m_Material: {fileID: 13400000, guid: ca9cadcf22af0144d86aa36f93deb237, type: 2}
  m_IsTrigger: 0
  m_Enabled: 1
  serializedVersion: 2
  m_Convex: 1
  m_Mesh: {fileID: 4300006, guid: 7abe5df86abdf0f4387f3119af4f20a6, type: 3}
--- !u!23 &48912113
MeshRenderer:
  m_ObjectHideFlags: 0
  m_PrefabParentObject: {fileID: 2312488, guid: e77720211c8d0294b97ee510cdfaece2,
    type: 2}
  m_PrefabInternal: {fileID: 1264016076}
  m_GameObject: {fileID: 48912110}
  m_Enabled: 1
  m_CastShadows: 1
  m_ReceiveShadows: 1
  m_Materials:
  - {fileID: 2100000, guid: 021e320310a581f42bea7a898c4e7c99, type: 2}
  m_SubsetIndices: 
  m_StaticBatchRoot: {fileID: 0}
  m_UseLightProbes: 1
  m_ReflectionProbeUsage: 1
  m_ProbeAnchor: {fileID: 0}
  m_ScaleInLightmap: 1
  m_PreserveUVs: 0
  m_IgnoreNormalsForChartDetection: 0
  m_ImportantGI: 0
  m_MinimumChartSize: 4
  m_AutoUVMaxDistance: 0.5
  m_AutoUVMaxAngle: 89
  m_LightmapParameters: {fileID: 0}
  m_SortingLayerID: 0
  m_SortingOrder: 0
--- !u!33 &48912114
MeshFilter:
  m_ObjectHideFlags: 0
  m_PrefabParentObject: {fileID: 3329464, guid: e77720211c8d0294b97ee510cdfaece2,
    type: 2}
  m_PrefabInternal: {fileID: 1264016076}
  m_GameObject: {fileID: 48912110}
  m_Mesh: {fileID: 4300006, guid: 7abe5df86abdf0f4387f3119af4f20a6, type: 3}
--- !u!1 &294134929
GameObject:
  m_ObjectHideFlags: 0
  m_PrefabParentObject: {fileID: 112896, guid: 11538f27780b457428cae57c4416e517, type: 2}
  m_PrefabInternal: {fileID: 933017890}
  serializedVersion: 4
  m_Component:
  - 4: {fileID: 294134930}
  - 33: {fileID: 294134933}
  - 23: {fileID: 294134932}
  - 65: {fileID: 294134931}
  m_Layer: 0
  m_Name: SouthBorder
  m_TagString: Untagged
  m_Icon: {fileID: 0}
  m_NavMeshLayer: 0
  m_StaticEditorFlags: 0
  m_IsActive: 1
--- !u!4 &294134930
Transform:
  m_ObjectHideFlags: 0
  m_PrefabParentObject: {fileID: 471046, guid: 11538f27780b457428cae57c4416e517, type: 2}
  m_PrefabInternal: {fileID: 933017890}
  m_GameObject: {fileID: 294134929}
  m_LocalRotation: {x: -0.7071068, y: 0, z: -0, w: 0.7071068}
  m_LocalPosition: {x: -4.771636, y: 1.5716683, z: -0.02844192}
  m_LocalScale: {x: 0.25, y: 2, z: 0.25}
  m_Children: []
  m_Father: {fileID: 389226694}
  m_RootOrder: 4
--- !u!65 &294134931
BoxCollider:
  m_ObjectHideFlags: 0
  m_PrefabParentObject: {fileID: 6596942, guid: 11538f27780b457428cae57c4416e517,
    type: 2}
  m_PrefabInternal: {fileID: 933017890}
  m_GameObject: {fileID: 294134929}
  m_Material: {fileID: 13400000, guid: 8f6ff754f5655884da21ead1a505aba9, type: 2}
  m_IsTrigger: 0
  m_Enabled: 1
  serializedVersion: 2
  m_Size: {x: 1.9999998, y: 2, z: 20}
  m_Center: {x: 0.0000038146973, y: -0.0000000027939677, z: 0}
--- !u!23 &294134932
MeshRenderer:
  m_ObjectHideFlags: 0
  m_PrefabParentObject: {fileID: 2364308, guid: 11538f27780b457428cae57c4416e517,
    type: 2}
  m_PrefabInternal: {fileID: 933017890}
  m_GameObject: {fileID: 294134929}
  m_Enabled: 1
  m_CastShadows: 1
  m_ReceiveShadows: 1
  m_Materials:
  - {fileID: 2100000, guid: 362d5547376201747a4d74a95be0bb91, type: 2}
  m_SubsetIndices: 
  m_StaticBatchRoot: {fileID: 0}
  m_UseLightProbes: 1
  m_ReflectionProbeUsage: 1
  m_ProbeAnchor: {fileID: 0}
  m_ScaleInLightmap: 1
  m_PreserveUVs: 0
  m_IgnoreNormalsForChartDetection: 0
  m_ImportantGI: 0
  m_MinimumChartSize: 4
  m_AutoUVMaxDistance: 0.5
  m_AutoUVMaxAngle: 89
  m_LightmapParameters: {fileID: 0}
  m_SortingLayerID: 0
  m_SortingOrder: 0
--- !u!33 &294134933
MeshFilter:
  m_ObjectHideFlags: 0
  m_PrefabParentObject: {fileID: 3371614, guid: 11538f27780b457428cae57c4416e517,
    type: 2}
  m_PrefabInternal: {fileID: 933017890}
  m_GameObject: {fileID: 294134929}
  m_Mesh: {fileID: 4300002, guid: ff6e8fc6cb6c3604ba2758a4effc07e0, type: 3}
--- !u!1 &389226692
GameObject:
  m_ObjectHideFlags: 0
  m_PrefabParentObject: {fileID: 142036, guid: 11538f27780b457428cae57c4416e517, type: 2}
  m_PrefabInternal: {fileID: 933017890}
  serializedVersion: 4
  m_Component:
  - 4: {fileID: 389226694}
  - 95: {fileID: 389226693}
  m_Layer: 0
  m_Name: AirHockeyTable
  m_TagString: Untagged
  m_Icon: {fileID: 0}
  m_NavMeshLayer: 0
  m_StaticEditorFlags: 0
  m_IsActive: 1
--- !u!95 &389226693
Animator:
  serializedVersion: 3
  m_ObjectHideFlags: 0
  m_PrefabParentObject: {fileID: 9508854, guid: 11538f27780b457428cae57c4416e517,
    type: 2}
  m_PrefabInternal: {fileID: 933017890}
  m_GameObject: {fileID: 389226692}
  m_Enabled: 1
  m_Avatar: {fileID: 9000000, guid: ff6e8fc6cb6c3604ba2758a4effc07e0, type: 3}
  m_Controller: {fileID: 0}
  m_CullingMode: 0
  m_UpdateMode: 0
  m_ApplyRootMotion: 0
  m_LinearVelocityBlending: 0
  m_WarningMessage: 
  m_HasTransformHierarchy: 1
  m_AllowConstantClipSamplingOptimization: 1
--- !u!4 &389226694
Transform:
  m_ObjectHideFlags: 0
  m_PrefabParentObject: {fileID: 491054, guid: 11538f27780b457428cae57c4416e517, type: 2}
  m_PrefabInternal: {fileID: 933017890}
  m_GameObject: {fileID: 389226692}
  m_LocalRotation: {x: 0, y: 0.7071068, z: 0, w: 0.7071067}
  m_LocalPosition: {x: 0, y: 36.6, z: 17.18}
  m_LocalScale: {x: 2, y: 2, z: 2}
  m_Children:
  - {fileID: 1374417958}
  - {fileID: 26731563}
  - {fileID: 1178122219}
  - {fileID: 1842960499}
  - {fileID: 294134930}
  - {fileID: 1811252133}
  - {fileID: 2093670428}
  - {fileID: 1920060306}
  - {fileID: 979897847}
  - {fileID: 1762645219}
  m_Father: {fileID: 0}
  m_RootOrder: 4
--- !u!1 &888963307
GameObject:
  m_ObjectHideFlags: 0
  m_PrefabParentObject: {fileID: 0}
  m_PrefabInternal: {fileID: 0}
  serializedVersion: 4
  m_Component:
  - 4: {fileID: 888963309}
  - 108: {fileID: 888963308}
  m_Layer: 0
  m_Name: Directional Light
  m_TagString: Untagged
  m_Icon: {fileID: 0}
  m_NavMeshLayer: 0
  m_StaticEditorFlags: 0
  m_IsActive: 1
--- !u!108 &888963308
Light:
  m_ObjectHideFlags: 0
  m_PrefabParentObject: {fileID: 0}
  m_PrefabInternal: {fileID: 0}
  m_GameObject: {fileID: 888963307}
  m_Enabled: 1
  serializedVersion: 6
  m_Type: 1
  m_Color: {r: 1, g: 0.95686275, b: 0.8392157, a: 1}
  m_Intensity: 1
  m_Range: 10
  m_SpotAngle: 30
  m_CookieSize: 10
  m_Shadows:
    m_Type: 2
    m_Resolution: -1
    m_Strength: 1
    m_Bias: 0.05
    m_NormalBias: 0.4
    m_NearPlane: 0.2
  m_Cookie: {fileID: 0}
  m_DrawHalo: 0
  m_Flare: {fileID: 0}
  m_RenderMode: 0
  m_CullingMask:
    serializedVersion: 2
    m_Bits: 4294967295
  m_Lightmapping: 4
  m_BounceIntensity: 1
  m_ShadowRadius: 0
  m_ShadowAngle: 0
  m_AreaSize: {x: 1, y: 1}
--- !u!4 &888963309
Transform:
  m_ObjectHideFlags: 0
  m_PrefabParentObject: {fileID: 0}
  m_PrefabInternal: {fileID: 0}
  m_GameObject: {fileID: 888963307}
  m_LocalRotation: {x: -0.68301284, y: 0.18301243, z: -0.18301246, w: -0.6830127}
  m_LocalPosition: {x: 0.11, y: 49.24, z: 14.93}
  m_LocalScale: {x: 1, y: 1, z: 1}
  m_Children: []
  m_Father: {fileID: 0}
  m_RootOrder: 1
--- !u!1001 &933017890
Prefab:
  m_ObjectHideFlags: 0
  serializedVersion: 2
  m_Modification:
    m_TransformParent: {fileID: 0}
    m_Modifications:
    - target: {fileID: 491054, guid: 11538f27780b457428cae57c4416e517, type: 2}
      propertyPath: m_LocalPosition.x
      value: 0
      objectReference: {fileID: 0}
    - target: {fileID: 491054, guid: 11538f27780b457428cae57c4416e517, type: 2}
      propertyPath: m_LocalPosition.y
      value: 36.6
      objectReference: {fileID: 0}
    - target: {fileID: 491054, guid: 11538f27780b457428cae57c4416e517, type: 2}
      propertyPath: m_LocalPosition.z
      value: 17.18
      objectReference: {fileID: 0}
    - target: {fileID: 491054, guid: 11538f27780b457428cae57c4416e517, type: 2}
      propertyPath: m_LocalRotation.x
      value: 0
      objectReference: {fileID: 0}
    - target: {fileID: 491054, guid: 11538f27780b457428cae57c4416e517, type: 2}
      propertyPath: m_LocalRotation.y
      value: 0.7071068
      objectReference: {fileID: 0}
    - target: {fileID: 491054, guid: 11538f27780b457428cae57c4416e517, type: 2}
      propertyPath: m_LocalRotation.z
      value: 0
      objectReference: {fileID: 0}
    - target: {fileID: 491054, guid: 11538f27780b457428cae57c4416e517, type: 2}
      propertyPath: m_LocalRotation.w
      value: 0.7071067
      objectReference: {fileID: 0}
    - target: {fileID: 491054, guid: 11538f27780b457428cae57c4416e517, type: 2}
      propertyPath: m_RootOrder
      value: 4
      objectReference: {fileID: 0}
    - target: {fileID: 6508494, guid: 11538f27780b457428cae57c4416e517, type: 2}
      propertyPath: m_Material
      value: 
      objectReference: {fileID: 13400000, guid: 8f6ff754f5655884da21ead1a505aba9,
        type: 2}
    - target: {fileID: 6522820, guid: 11538f27780b457428cae57c4416e517, type: 2}
      propertyPath: m_Material
      value: 
      objectReference: {fileID: 13400000, guid: 8f6ff754f5655884da21ead1a505aba9,
        type: 2}
    - target: {fileID: 6596942, guid: 11538f27780b457428cae57c4416e517, type: 2}
      propertyPath: m_Material
      value: 
      objectReference: {fileID: 13400000, guid: 8f6ff754f5655884da21ead1a505aba9,
        type: 2}
    - target: {fileID: 6532042, guid: 11538f27780b457428cae57c4416e517, type: 2}
      propertyPath: m_Material
      value: 
      objectReference: {fileID: 13400000, guid: 8f6ff754f5655884da21ead1a505aba9,
        type: 2}
    m_RemovedComponents: []
  m_ParentPrefab: {fileID: 100100000, guid: 11538f27780b457428cae57c4416e517, type: 2}
  m_RootGameObject: {fileID: 389226692}
  m_IsPrefabParent: 0
--- !u!1 &979897846
GameObject:
  m_ObjectHideFlags: 0
  m_PrefabParentObject: {fileID: 196886, guid: 11538f27780b457428cae57c4416e517, type: 2}
  m_PrefabInternal: {fileID: 933017890}
  serializedVersion: 4
  m_Component:
  - 4: {fileID: 979897847}
  - 33: {fileID: 979897850}
  - 23: {fileID: 979897849}
  - 65: {fileID: 979897848}
  m_Layer: 0
  m_Name: WestBorder
  m_TagString: Untagged
  m_Icon: {fileID: 0}
  m_NavMeshLayer: 0
  m_StaticEditorFlags: 0
  m_IsActive: 1
--- !u!4 &979897847
Transform:
  m_ObjectHideFlags: 0
  m_PrefabParentObject: {fileID: 433512, guid: 11538f27780b457428cae57c4416e517, type: 2}
  m_PrefabInternal: {fileID: 933017890}
  m_GameObject: {fileID: 979897846}
  m_LocalRotation: {x: -0.7071068, y: 0, z: -0, w: 0.7071068}
  m_LocalPosition: {x: -0.003657274, y: 1.5706602, z: 1.7182447}
  m_LocalScale: {x: 5, y: 0.25, z: 0.25}
  m_Children: []
  m_Father: {fileID: 389226694}
  m_RootOrder: 8
--- !u!65 &979897848
BoxCollider:
  m_ObjectHideFlags: 0
  m_PrefabParentObject: {fileID: 6532042, guid: 11538f27780b457428cae57c4416e517,
    type: 2}
  m_PrefabInternal: {fileID: 933017890}
  m_GameObject: {fileID: 979897846}
  m_Material: {fileID: 13400000, guid: 8f6ff754f5655884da21ead1a505aba9, type: 2}
  m_IsTrigger: 0
  m_Enabled: 1
  serializedVersion: 2
  m_Size: {x: 2, y: 2, z: 20}
  m_Center: {x: -0.00000011920929, y: 0.0000019073486, z: 0}
--- !u!23 &979897849
MeshRenderer:
  m_ObjectHideFlags: 0
  m_PrefabParentObject: {fileID: 2315792, guid: 11538f27780b457428cae57c4416e517,
    type: 2}
  m_PrefabInternal: {fileID: 933017890}
  m_GameObject: {fileID: 979897846}
  m_Enabled: 1
  m_CastShadows: 1
  m_ReceiveShadows: 1
  m_Materials:
  - {fileID: 2100000, guid: 362d5547376201747a4d74a95be0bb91, type: 2}
  m_SubsetIndices: 
  m_StaticBatchRoot: {fileID: 0}
  m_UseLightProbes: 1
  m_ReflectionProbeUsage: 1
  m_ProbeAnchor: {fileID: 0}
  m_ScaleInLightmap: 1
  m_PreserveUVs: 0
  m_IgnoreNormalsForChartDetection: 0
  m_ImportantGI: 0
  m_MinimumChartSize: 4
  m_AutoUVMaxDistance: 0.5
  m_AutoUVMaxAngle: 89
  m_LightmapParameters: {fileID: 0}
  m_SortingLayerID: 0
  m_SortingOrder: 0
--- !u!33 &979897850
MeshFilter:
  m_ObjectHideFlags: 0
  m_PrefabParentObject: {fileID: 3369336, guid: 11538f27780b457428cae57c4416e517,
    type: 2}
  m_PrefabInternal: {fileID: 933017890}
  m_GameObject: {fileID: 979897846}
  m_Mesh: {fileID: 4300000, guid: ff6e8fc6cb6c3604ba2758a4effc07e0, type: 3}
--- !u!1 &1168036291
GameObject:
  m_ObjectHideFlags: 0
  m_PrefabParentObject: {fileID: 194986, guid: e77720211c8d0294b97ee510cdfaece2, type: 2}
  m_PrefabInternal: {fileID: 1264016076}
  serializedVersion: 4
  m_Component:
  - 4: {fileID: 1168036292}
  - 33: {fileID: 1168036294}
  - 23: {fileID: 1168036293}
  m_Layer: 9
  m_Name: Handle
  m_TagString: Untagged
  m_Icon: {fileID: 0}
  m_NavMeshLayer: 0
  m_StaticEditorFlags: 0
  m_IsActive: 1
--- !u!4 &1168036292
Transform:
  m_ObjectHideFlags: 0
  m_PrefabParentObject: {fileID: 406132, guid: e77720211c8d0294b97ee510cdfaece2, type: 2}
  m_PrefabInternal: {fileID: 1264016076}
  m_GameObject: {fileID: 1168036291}
  m_LocalRotation: {x: -0.7071068, y: 0, z: -0, w: 0.7071068}
  m_LocalPosition: {x: 0.20197, y: -0.052904364, z: 0.12851}
  m_LocalScale: {x: 0.06999999, y: 0.06999999, z: 0.03500001}
  m_Children: []
  m_Father: {fileID: 1968325241}
  m_RootOrder: 1
--- !u!23 &1168036293
MeshRenderer:
  m_ObjectHideFlags: 0
  m_PrefabParentObject: {fileID: 2312290, guid: e77720211c8d0294b97ee510cdfaece2,
    type: 2}
  m_PrefabInternal: {fileID: 1264016076}
  m_GameObject: {fileID: 1168036291}
  m_Enabled: 1
  m_CastShadows: 1
  m_ReceiveShadows: 1
  m_Materials:
  - {fileID: 2100000, guid: 021e320310a581f42bea7a898c4e7c99, type: 2}
  m_SubsetIndices: 
  m_StaticBatchRoot: {fileID: 0}
  m_UseLightProbes: 1
  m_ReflectionProbeUsage: 1
  m_ProbeAnchor: {fileID: 0}
  m_ScaleInLightmap: 1
  m_PreserveUVs: 0
  m_IgnoreNormalsForChartDetection: 0
  m_ImportantGI: 0
  m_MinimumChartSize: 4
  m_AutoUVMaxDistance: 0.5
  m_AutoUVMaxAngle: 89
  m_LightmapParameters: {fileID: 0}
  m_SortingLayerID: 0
  m_SortingOrder: 0
--- !u!33 &1168036294
MeshFilter:
  m_ObjectHideFlags: 0
  m_PrefabParentObject: {fileID: 3368494, guid: e77720211c8d0294b97ee510cdfaece2,
    type: 2}
  m_PrefabInternal: {fileID: 1264016076}
  m_GameObject: {fileID: 1168036291}
  m_Mesh: {fileID: 4300004, guid: 7abe5df86abdf0f4387f3119af4f20a6, type: 3}
--- !u!1 &1178122218
GameObject:
  m_ObjectHideFlags: 0
  m_PrefabParentObject: {fileID: 137016, guid: 11538f27780b457428cae57c4416e517, type: 2}
  m_PrefabInternal: {fileID: 933017890}
  serializedVersion: 4
  m_Component:
  - 4: {fileID: 1178122219}
  - 33: {fileID: 1178122221}
  - 23: {fileID: 1178122220}
  m_Layer: 0
  m_Name: NorthEastPillar
  m_TagString: Untagged
  m_Icon: {fileID: 0}
  m_NavMeshLayer: 0
  m_StaticEditorFlags: 0
  m_IsActive: 1
--- !u!4 &1178122219
Transform:
  m_ObjectHideFlags: 0
  m_PrefabParentObject: {fileID: 452474, guid: 11538f27780b457428cae57c4416e517, type: 2}
  m_PrefabInternal: {fileID: 933017890}
  m_GameObject: {fileID: 1178122218}
  m_LocalRotation: {x: -0.7071068, y: 0, z: -0, w: 0.7071068}
  m_LocalPosition: {x: 4.5488405, y: 0.31941774, z: -1.652149}
  m_LocalScale: {x: 0.25, y: 0.25, z: 1}
  m_Children: []
  m_Father: {fileID: 389226694}
  m_RootOrder: 2
--- !u!23 &1178122220
MeshRenderer:
  m_ObjectHideFlags: 0
  m_PrefabParentObject: {fileID: 2353146, guid: 11538f27780b457428cae57c4416e517,
    type: 2}
  m_PrefabInternal: {fileID: 933017890}
  m_GameObject: {fileID: 1178122218}
  m_Enabled: 1
  m_CastShadows: 1
  m_ReceiveShadows: 1
  m_Materials:
  - {fileID: 2100000, guid: ea54e27988d1a0c49803a8439c8bafa2, type: 2}
  m_SubsetIndices: 
  m_StaticBatchRoot: {fileID: 0}
  m_UseLightProbes: 1
  m_ReflectionProbeUsage: 1
  m_ProbeAnchor: {fileID: 0}
  m_ScaleInLightmap: 1
  m_PreserveUVs: 0
  m_IgnoreNormalsForChartDetection: 0
  m_ImportantGI: 0
  m_MinimumChartSize: 4
  m_AutoUVMaxDistance: 0.5
  m_AutoUVMaxAngle: 89
  m_LightmapParameters: {fileID: 0}
  m_SortingLayerID: 0
  m_SortingOrder: 0
--- !u!33 &1178122221
MeshFilter:
  m_ObjectHideFlags: 0
  m_PrefabParentObject: {fileID: 3328518, guid: 11538f27780b457428cae57c4416e517,
    type: 2}
  m_PrefabInternal: {fileID: 933017890}
  m_GameObject: {fileID: 1178122218}
  m_Mesh: {fileID: 4300012, guid: ff6e8fc6cb6c3604ba2758a4effc07e0, type: 3}
--- !u!1001 &1264016076
Prefab:
  m_ObjectHideFlags: 0
  serializedVersion: 2
  m_Modification:
    m_TransformParent: {fileID: 0}
    m_Modifications:
    - target: {fileID: 493892, guid: e77720211c8d0294b97ee510cdfaece2, type: 2}
      propertyPath: m_LocalPosition.x
      value: 0
      objectReference: {fileID: 0}
    - target: {fileID: 493892, guid: e77720211c8d0294b97ee510cdfaece2, type: 2}
      propertyPath: m_LocalPosition.y
      value: 40.09
      objectReference: {fileID: 0}
    - target: {fileID: 493892, guid: e77720211c8d0294b97ee510cdfaece2, type: 2}
      propertyPath: m_LocalPosition.z
      value: 9.89
      objectReference: {fileID: 0}
    - target: {fileID: 493892, guid: e77720211c8d0294b97ee510cdfaece2, type: 2}
      propertyPath: m_LocalRotation.x
      value: 0
      objectReference: {fileID: 0}
    - target: {fileID: 493892, guid: e77720211c8d0294b97ee510cdfaece2, type: 2}
      propertyPath: m_LocalRotation.y
      value: 0
      objectReference: {fileID: 0}
    - target: {fileID: 493892, guid: e77720211c8d0294b97ee510cdfaece2, type: 2}
      propertyPath: m_LocalRotation.z
      value: 0
      objectReference: {fileID: 0}
    - target: {fileID: 493892, guid: e77720211c8d0294b97ee510cdfaece2, type: 2}
      propertyPath: m_LocalRotation.w
      value: 1
      objectReference: {fileID: 0}
    - target: {fileID: 493892, guid: e77720211c8d0294b97ee510cdfaece2, type: 2}
      propertyPath: m_RootOrder
      value: 2
      objectReference: {fileID: 0}
    m_RemovedComponents: []
  m_ParentPrefab: {fileID: 100100000, guid: e77720211c8d0294b97ee510cdfaece2, type: 2}
  m_RootGameObject: {fileID: 1968325237}
  m_IsPrefabParent: 0
--- !u!1 &1272598081
GameObject:
  m_ObjectHideFlags: 0
  m_PrefabParentObject: {fileID: 134740, guid: e77720211c8d0294b97ee510cdfaece2, type: 2}
  m_PrefabInternal: {fileID: 1264016076}
  serializedVersion: 4
  m_Component:
  - 4: {fileID: 1272598082}
  - 33: {fileID: 1272598084}
  - 23: {fileID: 1272598083}
  m_Layer: 9
  m_Name: Top
  m_TagString: Untagged
  m_Icon: {fileID: 0}
  m_NavMeshLayer: 0
  m_StaticEditorFlags: 0
  m_IsActive: 1
--- !u!4 &1272598082
Transform:
  m_ObjectHideFlags: 0
  m_PrefabParentObject: {fileID: 482710, guid: e77720211c8d0294b97ee510cdfaece2, type: 2}
  m_PrefabInternal: {fileID: 1264016076}
  m_GameObject: {fileID: 1272598081}
  m_LocalRotation: {x: -0.7071068, y: 0, z: -0, w: 0.7071068}
  m_LocalPosition: {x: 0.20197, y: -0.017671403, z: 0.12851}
  m_LocalScale: {x: 0.06999999, y: 0.07, z: 0.07}
  m_Children: []
  m_Father: {fileID: 1968325241}
  m_RootOrder: 2
--- !u!23 &1272598083
MeshRenderer:
  m_ObjectHideFlags: 0
  m_PrefabParentObject: {fileID: 2335530, guid: e77720211c8d0294b97ee510cdfaece2,
    type: 2}
  m_PrefabInternal: {fileID: 1264016076}
  m_GameObject: {fileID: 1272598081}
  m_Enabled: 1
  m_CastShadows: 1
  m_ReceiveShadows: 1
  m_Materials:
  - {fileID: 2100000, guid: 021e320310a581f42bea7a898c4e7c99, type: 2}
  m_SubsetIndices: 
  m_StaticBatchRoot: {fileID: 0}
  m_UseLightProbes: 1
  m_ReflectionProbeUsage: 1
  m_ProbeAnchor: {fileID: 0}
  m_ScaleInLightmap: 1
  m_PreserveUVs: 0
  m_IgnoreNormalsForChartDetection: 0
  m_ImportantGI: 0
  m_MinimumChartSize: 4
  m_AutoUVMaxDistance: 0.5
  m_AutoUVMaxAngle: 89
  m_LightmapParameters: {fileID: 0}
  m_SortingLayerID: 0
  m_SortingOrder: 0
--- !u!33 &1272598084
MeshFilter:
  m_ObjectHideFlags: 0
  m_PrefabParentObject: {fileID: 3364414, guid: e77720211c8d0294b97ee510cdfaece2,
    type: 2}
  m_PrefabInternal: {fileID: 1264016076}
  m_GameObject: {fileID: 1272598081}
  m_Mesh: {fileID: 4300002, guid: 7abe5df86abdf0f4387f3119af4f20a6, type: 3}
--- !u!1001 &1354447663
Prefab:
  m_ObjectHideFlags: 0
  serializedVersion: 2
  m_Modification:
    m_TransformParent: {fileID: 0}
    m_Modifications:
    - target: {fileID: 470654, guid: 2f20f4473e64fa645954721fc2220756, type: 2}
      propertyPath: m_LocalPosition.x
      value: -0.32
      objectReference: {fileID: 0}
    - target: {fileID: 470654, guid: 2f20f4473e64fa645954721fc2220756, type: 2}
      propertyPath: m_LocalPosition.y
      value: 40.09
      objectReference: {fileID: 0}
    - target: {fileID: 470654, guid: 2f20f4473e64fa645954721fc2220756, type: 2}
      propertyPath: m_LocalPosition.z
      value: 16.96
      objectReference: {fileID: 0}
    - target: {fileID: 470654, guid: 2f20f4473e64fa645954721fc2220756, type: 2}
      propertyPath: m_LocalRotation.x
      value: -0.7071068
      objectReference: {fileID: 0}
    - target: {fileID: 470654, guid: 2f20f4473e64fa645954721fc2220756, type: 2}
      propertyPath: m_LocalRotation.y
      value: 0
      objectReference: {fileID: 0}
    - target: {fileID: 470654, guid: 2f20f4473e64fa645954721fc2220756, type: 2}
      propertyPath: m_LocalRotation.z
      value: -0
      objectReference: {fileID: 0}
    - target: {fileID: 470654, guid: 2f20f4473e64fa645954721fc2220756, type: 2}
      propertyPath: m_LocalRotation.w
      value: 0.7071068
      objectReference: {fileID: 0}
    - target: {fileID: 470654, guid: 2f20f4473e64fa645954721fc2220756, type: 2}
      propertyPath: m_RootOrder
      value: 3
      objectReference: {fileID: 0}
    m_RemovedComponents: []
  m_ParentPrefab: {fileID: 100100000, guid: 2f20f4473e64fa645954721fc2220756, type: 2}
  m_RootGameObject: {fileID: 1993747618}
  m_IsPrefabParent: 0
--- !u!1 &1374417957
GameObject:
  m_ObjectHideFlags: 0
  m_PrefabParentObject: {fileID: 187028, guid: 11538f27780b457428cae57c4416e517, type: 2}
  m_PrefabInternal: {fileID: 933017890}
  serializedVersion: 4
  m_Component:
  - 4: {fileID: 1374417958}
  - 33: {fileID: 1374417961}
  - 23: {fileID: 1374417960}
  - 65: {fileID: 1374417959}
  m_Layer: 0
  m_Name: EastBorder
  m_TagString: Untagged
  m_Icon: {fileID: 0}
  m_NavMeshLayer: 0
  m_StaticEditorFlags: 0
  m_IsActive: 1
--- !u!4 &1374417958
Transform:
  m_ObjectHideFlags: 0
  m_PrefabParentObject: {fileID: 478090, guid: 11538f27780b457428cae57c4416e517, type: 2}
  m_PrefabInternal: {fileID: 933017890}
  m_GameObject: {fileID: 1374417957}
  m_LocalRotation: {x: -0.7071068, y: 0, z: -0, w: 0.7071068}
  m_LocalPosition: {x: -0.003657274, y: 1.57066, z: -1.7710489}
  m_LocalScale: {x: 5, y: 0.25, z: 0.25}
  m_Children: []
  m_Father: {fileID: 389226694}
  m_RootOrder: 0
--- !u!65 &1374417959
BoxCollider:
  m_ObjectHideFlags: 0
  m_PrefabParentObject: {fileID: 6508494, guid: 11538f27780b457428cae57c4416e517,
    type: 2}
  m_PrefabInternal: {fileID: 933017890}
  m_GameObject: {fileID: 1374417957}
  m_Material: {fileID: 13400000, guid: 8f6ff754f5655884da21ead1a505aba9, type: 2}
  m_IsTrigger: 0
  m_Enabled: 1
  serializedVersion: 2
  m_Size: {x: 1.9999996, y: 2, z: 20}
  m_Center: {x: -0.00000011920929, y: -0.0000009536743, z: 0}
--- !u!23 &1374417960
MeshRenderer:
  m_ObjectHideFlags: 0
  m_PrefabParentObject: {fileID: 2377088, guid: 11538f27780b457428cae57c4416e517,
    type: 2}
  m_PrefabInternal: {fileID: 933017890}
  m_GameObject: {fileID: 1374417957}
  m_Enabled: 1
  m_CastShadows: 1
  m_ReceiveShadows: 1
  m_Materials:
  - {fileID: 2100000, guid: 362d5547376201747a4d74a95be0bb91, type: 2}
  m_SubsetIndices: 
  m_StaticBatchRoot: {fileID: 0}
  m_UseLightProbes: 1
  m_ReflectionProbeUsage: 1
  m_ProbeAnchor: {fileID: 0}
  m_ScaleInLightmap: 1
  m_PreserveUVs: 0
  m_IgnoreNormalsForChartDetection: 0
  m_ImportantGI: 0
  m_MinimumChartSize: 4
  m_AutoUVMaxDistance: 0.5
  m_AutoUVMaxAngle: 89
  m_LightmapParameters: {fileID: 0}
  m_SortingLayerID: 0
  m_SortingOrder: 0
--- !u!33 &1374417961
MeshFilter:
  m_ObjectHideFlags: 0
  m_PrefabParentObject: {fileID: 3339186, guid: 11538f27780b457428cae57c4416e517,
    type: 2}
  m_PrefabInternal: {fileID: 933017890}
  m_GameObject: {fileID: 1374417957}
  m_Mesh: {fileID: 4300016, guid: ff6e8fc6cb6c3604ba2758a4effc07e0, type: 3}
--- !u!1 &1762645218
GameObject:
  m_ObjectHideFlags: 0
  m_PrefabParentObject: {fileID: 179738, guid: 11538f27780b457428cae57c4416e517, type: 2}
  m_PrefabInternal: {fileID: 933017890}
  serializedVersion: 4
  m_Component:
  - 4: {fileID: 1762645219}
  - 65: {fileID: 1762645221}
  - 65: {fileID: 1762645220}
  m_Layer: 8
  m_Name: PaddleBarrier
  m_TagString: Untagged
  m_Icon: {fileID: 0}
  m_NavMeshLayer: 0
  m_StaticEditorFlags: 0
  m_IsActive: 1
--- !u!4 &1762645219
Transform:
  m_ObjectHideFlags: 0
  m_PrefabParentObject: {fileID: 470856, guid: 11538f27780b457428cae57c4416e517, type: 2}
  m_PrefabInternal: {fileID: 933017890}
  m_GameObject: {fileID: 1762645218}
  m_LocalRotation: {x: 0, y: -0.7071068, z: 0, w: 0.7071067}
  m_LocalPosition: {x: 0.005000112, y: 1.6800003, z: 0.015}
  m_LocalScale: {x: 0.50000006, y: 0.5, z: 0.50000006}
  m_Children: []
  m_Father: {fileID: 389226694}
  m_RootOrder: 9
--- !u!65 &1762645220
BoxCollider:
  m_ObjectHideFlags: 0
  m_PrefabParentObject: {fileID: 6502426, guid: 11538f27780b457428cae57c4416e517,
    type: 2}
  m_PrefabInternal: {fileID: 933017890}
  m_GameObject: {fileID: 1762645218}
  m_Material: {fileID: 0}
  m_IsTrigger: 0
  m_Enabled: 1
  serializedVersion: 2
  m_Size: {x: 9, y: 1, z: 20}
  m_Center: {x: 0, y: 0.79, z: 0}
--- !u!65 &1762645221
BoxCollider:
  m_ObjectHideFlags: 0
  m_PrefabParentObject: {fileID: 6519590, guid: 11538f27780b457428cae57c4416e517,
    type: 2}
  m_PrefabInternal: {fileID: 933017890}
  m_GameObject: {fileID: 1762645218}
  m_Material: {fileID: 0}
  m_IsTrigger: 0
  m_Enabled: 1
  serializedVersion: 2
  m_Size: {x: 6.7, y: 20, z: 0.2}
  m_Center: {x: 0, y: 0, z: 0}
--- !u!1 &1788146741
GameObject:
  m_ObjectHideFlags: 0
  m_PrefabParentObject: {fileID: 0}
  m_PrefabInternal: {fileID: 0}
  serializedVersion: 4
  m_Component:
  - 4: {fileID: 1788146746}
  - 20: {fileID: 1788146745}
  - 92: {fileID: 1788146744}
  - 124: {fileID: 1788146743}
  - 81: {fileID: 1788146742}
  m_Layer: 0
  m_Name: Main Camera
  m_TagString: MainCamera
  m_Icon: {fileID: 0}
  m_NavMeshLayer: 0
  m_StaticEditorFlags: 0
  m_IsActive: 1
--- !u!81 &1788146742
AudioListener:
  m_ObjectHideFlags: 0
  m_PrefabParentObject: {fileID: 0}
  m_PrefabInternal: {fileID: 0}
  m_GameObject: {fileID: 1788146741}
  m_Enabled: 1
--- !u!124 &1788146743
Behaviour:
  m_ObjectHideFlags: 0
  m_PrefabParentObject: {fileID: 0}
  m_PrefabInternal: {fileID: 0}
  m_GameObject: {fileID: 1788146741}
  m_Enabled: 1
--- !u!92 &1788146744
Behaviour:
  m_ObjectHideFlags: 0
  m_PrefabParentObject: {fileID: 0}
  m_PrefabInternal: {fileID: 0}
  m_GameObject: {fileID: 1788146741}
  m_Enabled: 1
--- !u!20 &1788146745
Camera:
  m_ObjectHideFlags: 0
  m_PrefabParentObject: {fileID: 0}
  m_PrefabInternal: {fileID: 0}
  m_GameObject: {fileID: 1788146741}
  m_Enabled: 1
  serializedVersion: 2
  m_ClearFlags: 1
  m_BackGroundColor: {r: 0.19215687, g: 0.3019608, b: 0.4745098, a: 0.019607844}
  m_NormalizedViewPortRect:
    serializedVersion: 2
    x: 0
    y: 0
    width: 1
    height: 1
  near clip plane: 0.3
  far clip plane: 100
  field of view: 30
  orthographic: 0
  orthographic size: 5
  m_Depth: -1
  m_CullingMask:
    serializedVersion: 2
    m_Bits: 4294967295
  m_RenderingPath: -1
  m_TargetTexture: {fileID: 0}
  m_TargetDisplay: 0
  m_TargetEye: 3
  m_HDR: 0
  m_OcclusionCulling: 1
  m_StereoConvergence: 10
  m_StereoSeparation: 0.022
  m_StereoMirrorMode: 0
--- !u!4 &1788146746
Transform:
  m_ObjectHideFlags: 0
  m_PrefabParentObject: {fileID: 0}
  m_PrefabInternal: {fileID: 0}
  m_GameObject: {fileID: 1788146741}
  m_LocalRotation: {x: 0.34202018, y: 0, z: 0, w: 0.9396926}
  m_LocalPosition: {x: 0, y: 56.05, z: -4.72}
  m_LocalScale: {x: 1, y: 1, z: 1}
  m_Children: []
  m_Father: {fileID: 0}
  m_RootOrder: 0
--- !u!1 &1811252132
GameObject:
  m_ObjectHideFlags: 0
  m_PrefabParentObject: {fileID: 137226, guid: 11538f27780b457428cae57c4416e517, type: 2}
  m_PrefabInternal: {fileID: 933017890}
  serializedVersion: 4
  m_Component:
  - 4: {fileID: 1811252133}
  - 33: {fileID: 1811252135}
  - 23: {fileID: 1811252134}
  m_Layer: 0
  m_Name: SouthEastPillar
  m_TagString: Untagged
  m_Icon: {fileID: 0}
  m_NavMeshLayer: 0
  m_StaticEditorFlags: 0
  m_IsActive: 1
--- !u!4 &1811252133
Transform:
  m_ObjectHideFlags: 0
  m_PrefabParentObject: {fileID: 480548, guid: 11538f27780b457428cae57c4416e517, type: 2}
  m_PrefabInternal: {fileID: 933017890}
  m_GameObject: {fileID: 1811252132}
  m_LocalRotation: {x: -0.7071068, y: 0, z: -0, w: 0.7071068}
  m_LocalPosition: {x: -4.61771, y: 0.31941774, z: -1.6241095}
  m_LocalScale: {x: 0.25, y: 0.25, z: 1}
  m_Children: []
  m_Father: {fileID: 389226694}
  m_RootOrder: 5
--- !u!23 &1811252134
MeshRenderer:
  m_ObjectHideFlags: 0
  m_PrefabParentObject: {fileID: 2301924, guid: 11538f27780b457428cae57c4416e517,
    type: 2}
  m_PrefabInternal: {fileID: 933017890}
  m_GameObject: {fileID: 1811252132}
  m_Enabled: 1
  m_CastShadows: 1
  m_ReceiveShadows: 1
  m_Materials:
  - {fileID: 2100000, guid: ea54e27988d1a0c49803a8439c8bafa2, type: 2}
  m_SubsetIndices: 
  m_StaticBatchRoot: {fileID: 0}
  m_UseLightProbes: 1
  m_ReflectionProbeUsage: 1
  m_ProbeAnchor: {fileID: 0}
  m_ScaleInLightmap: 1
  m_PreserveUVs: 0
  m_IgnoreNormalsForChartDetection: 0
  m_ImportantGI: 0
  m_MinimumChartSize: 4
  m_AutoUVMaxDistance: 0.5
  m_AutoUVMaxAngle: 89
  m_LightmapParameters: {fileID: 0}
  m_SortingLayerID: 0
  m_SortingOrder: 0
--- !u!33 &1811252135
MeshFilter:
  m_ObjectHideFlags: 0
  m_PrefabParentObject: {fileID: 3397252, guid: 11538f27780b457428cae57c4416e517,
    type: 2}
  m_PrefabInternal: {fileID: 933017890}
  m_GameObject: {fileID: 1811252132}
  m_Mesh: {fileID: 4300008, guid: ff6e8fc6cb6c3604ba2758a4effc07e0, type: 3}
--- !u!1 &1842960498
GameObject:
  m_ObjectHideFlags: 0
  m_PrefabParentObject: {fileID: 156886, guid: 11538f27780b457428cae57c4416e517, type: 2}
  m_PrefabInternal: {fileID: 933017890}
  serializedVersion: 4
  m_Component:
  - 4: {fileID: 1842960499}
  - 33: {fileID: 1842960501}
  - 23: {fileID: 1842960500}
  m_Layer: 0
  m_Name: NorthWestPillar
  m_TagString: Untagged
  m_Icon: {fileID: 0}
  m_NavMeshLayer: 0
  m_StaticEditorFlags: 0
  m_IsActive: 1
--- !u!4 &1842960499
Transform:
  m_ObjectHideFlags: 0
  m_PrefabParentObject: {fileID: 439692, guid: 11538f27780b457428cae57c4416e517, type: 2}
  m_PrefabInternal: {fileID: 933017890}
  m_GameObject: {fileID: 1842960498}
  m_LocalRotation: {x: -0.7071068, y: 0, z: -0, w: 0.7071068}
  m_LocalPosition: {x: 4.5488405, y: 0.31941786, z: 1.5551002}
  m_LocalScale: {x: 0.25, y: 0.25, z: 1}
  m_Children: []
  m_Father: {fileID: 389226694}
  m_RootOrder: 3
--- !u!23 &1842960500
MeshRenderer:
  m_ObjectHideFlags: 0
  m_PrefabParentObject: {fileID: 2301552, guid: 11538f27780b457428cae57c4416e517,
    type: 2}
  m_PrefabInternal: {fileID: 933017890}
  m_GameObject: {fileID: 1842960498}
  m_Enabled: 1
  m_CastShadows: 1
  m_ReceiveShadows: 1
  m_Materials:
  - {fileID: 2100000, guid: ea54e27988d1a0c49803a8439c8bafa2, type: 2}
  m_SubsetIndices: 
  m_StaticBatchRoot: {fileID: 0}
  m_UseLightProbes: 1
  m_ReflectionProbeUsage: 1
  m_ProbeAnchor: {fileID: 0}
  m_ScaleInLightmap: 1
  m_PreserveUVs: 0
  m_IgnoreNormalsForChartDetection: 0
  m_ImportantGI: 0
  m_MinimumChartSize: 4
  m_AutoUVMaxDistance: 0.5
  m_AutoUVMaxAngle: 89
  m_LightmapParameters: {fileID: 0}
  m_SortingLayerID: 0
  m_SortingOrder: 0
--- !u!33 &1842960501
MeshFilter:
  m_ObjectHideFlags: 0
  m_PrefabParentObject: {fileID: 3340356, guid: 11538f27780b457428cae57c4416e517,
    type: 2}
  m_PrefabInternal: {fileID: 933017890}
  m_GameObject: {fileID: 1842960498}
  m_Mesh: {fileID: 4300010, guid: ff6e8fc6cb6c3604ba2758a4effc07e0, type: 3}
--- !u!1 &1920060305
GameObject:
  m_ObjectHideFlags: 0
  m_PrefabParentObject: {fileID: 143768, guid: 11538f27780b457428cae57c4416e517, type: 2}
  m_PrefabInternal: {fileID: 933017890}
  serializedVersion: 4
  m_Component:
  - 4: {fileID: 1920060306}
  - 33: {fileID: 1920060309}
  - 23: {fileID: 1920060308}
  - 65: {fileID: 1920060307}
  m_Layer: 0
  m_Name: TableTop
  m_TagString: Untagged
  m_Icon: {fileID: 0}
  m_NavMeshLayer: 0
  m_StaticEditorFlags: 0
  m_IsActive: 1
--- !u!4 &1920060306
Transform:
  m_ObjectHideFlags: 0
  m_PrefabParentObject: {fileID: 443070, guid: 11538f27780b457428cae57c4416e517, type: 2}
  m_PrefabInternal: {fileID: 933017890}
  m_GameObject: {fileID: 1920060305}
  m_LocalRotation: {x: -0.7071068, y: 0, z: -0, w: 0.7071068}
  m_LocalPosition: {x: 0, y: 2.368129, z: -0.0000001035142}
  m_LocalScale: {x: 1, y: 1, z: 1}
  m_Children: []
  m_Father: {fileID: 389226694}
  m_RootOrder: 7
--- !u!65 &1920060307
BoxCollider:
  m_ObjectHideFlags: 0
  m_PrefabParentObject: {fileID: 6518752, guid: 11538f27780b457428cae57c4416e517,
    type: 2}
  m_PrefabInternal: {fileID: 933017890}
  m_GameObject: {fileID: 1920060305}
  m_Material: {fileID: 0}
  m_IsTrigger: 0
  m_Enabled: 1
  serializedVersion: 2
  m_Size: {x: 9.125388, y: 3.0405989, z: 0.24303204}
  m_Center: {x: 0.0049724574, y: 0.024116457, z: -0.87848425}
--- !u!23 &1920060308
MeshRenderer:
  m_ObjectHideFlags: 0
  m_PrefabParentObject: {fileID: 2388854, guid: 11538f27780b457428cae57c4416e517,
    type: 2}
  m_PrefabInternal: {fileID: 933017890}
  m_GameObject: {fileID: 1920060305}
  m_Enabled: 1
  m_CastShadows: 1
  m_ReceiveShadows: 1
  m_Materials:
  - {fileID: 2100000, guid: 2b4c3089618d73f44a0b5f98793b7b89, type: 2}
  m_SubsetIndices: 
  m_StaticBatchRoot: {fileID: 0}
  m_UseLightProbes: 1
  m_ReflectionProbeUsage: 1
  m_ProbeAnchor: {fileID: 0}
  m_ScaleInLightmap: 1
  m_PreserveUVs: 0
  m_IgnoreNormalsForChartDetection: 0
  m_ImportantGI: 0
  m_MinimumChartSize: 4
  m_AutoUVMaxDistance: 0.5
  m_AutoUVMaxAngle: 89
  m_LightmapParameters: {fileID: 0}
  m_SortingLayerID: 0
  m_SortingOrder: 0
--- !u!33 &1920060309
MeshFilter:
  m_ObjectHideFlags: 0
  m_PrefabParentObject: {fileID: 3388418, guid: 11538f27780b457428cae57c4416e517,
    type: 2}
  m_PrefabInternal: {fileID: 933017890}
  m_GameObject: {fileID: 1920060305}
  m_Mesh: {fileID: 4300006, guid: ff6e8fc6cb6c3604ba2758a4effc07e0, type: 3}
--- !u!1 &1968325237
GameObject:
  m_ObjectHideFlags: 0
  m_PrefabParentObject: {fileID: 112748, guid: e77720211c8d0294b97ee510cdfaece2, type: 2}
  m_PrefabInternal: {fileID: 1264016076}
  serializedVersion: 4
  m_Component:
  - 4: {fileID: 1968325241}
  - 95: {fileID: 1968325240}
  - 54: {fileID: 1968325239}
  - 114: {fileID: 1968325238}
  m_Layer: 9
  m_Name: Paddle
  m_TagString: Untagged
  m_Icon: {fileID: 0}
  m_NavMeshLayer: 0
  m_StaticEditorFlags: 0
  m_IsActive: 1
--- !u!114 &1968325238
MonoBehaviour:
  m_ObjectHideFlags: 0
  m_PrefabParentObject: {fileID: 11462534, guid: e77720211c8d0294b97ee510cdfaece2,
    type: 2}
  m_PrefabInternal: {fileID: 1264016076}
  m_GameObject: {fileID: 1968325237}
  m_Enabled: 1
  m_EditorHideFlags: 0
  m_Script: {fileID: 11500000, guid: ad2b6d6a934d55540a19af882ea2d92a, type: 3}
  m_Name: 
  m_EditorClassIdentifier: 
--- !u!54 &1968325239
Rigidbody:
  m_ObjectHideFlags: 0
  m_PrefabParentObject: {fileID: 5476868, guid: e77720211c8d0294b97ee510cdfaece2,
    type: 2}
  m_PrefabInternal: {fileID: 1264016076}
  m_GameObject: {fileID: 1968325237}
  serializedVersion: 2
  m_Mass: 1
  m_Drag: 0
  m_AngularDrag: 0.05
  m_UseGravity: 1
  m_IsKinematic: 0
  m_Interpolate: 0
  m_Constraints: 112
  m_CollisionDetection: 2
--- !u!95 &1968325240
Animator:
  serializedVersion: 3
  m_ObjectHideFlags: 0
  m_PrefabParentObject: {fileID: 9591714, guid: e77720211c8d0294b97ee510cdfaece2,
    type: 2}
  m_PrefabInternal: {fileID: 1264016076}
  m_GameObject: {fileID: 1968325237}
  m_Enabled: 1
  m_Avatar: {fileID: 9000000, guid: 7abe5df86abdf0f4387f3119af4f20a6, type: 3}
  m_Controller: {fileID: 0}
  m_CullingMode: 0
  m_UpdateMode: 0
  m_ApplyRootMotion: 0
  m_LinearVelocityBlending: 0
  m_WarningMessage: 
  m_HasTransformHierarchy: 1
  m_AllowConstantClipSamplingOptimization: 1
--- !u!4 &1968325241
Transform:
  m_ObjectHideFlags: 0
  m_PrefabParentObject: {fileID: 493892, guid: e77720211c8d0294b97ee510cdfaece2, type: 2}
  m_PrefabInternal: {fileID: 1264016076}
  m_GameObject: {fileID: 1968325237}
  m_LocalRotation: {x: 0, y: 0, z: 0, w: 1}
  m_LocalPosition: {x: 0, y: 40.09, z: 9.89}
  m_LocalScale: {x: 2, y: 2, z: 2}
  m_Children:
  - {fileID: 48912111}
  - {fileID: 1168036292}
  - {fileID: 1272598082}
  m_Father: {fileID: 0}
  m_RootOrder: 2
--- !u!1 &1993747618
GameObject:
  m_ObjectHideFlags: 0
  m_PrefabParentObject: {fileID: 133536, guid: 2f20f4473e64fa645954721fc2220756, type: 2}
  m_PrefabInternal: {fileID: 1354447663}
  serializedVersion: 4
  m_Component:
  - 4: {fileID: 1993747624}
  - 33: {fileID: 1993747623}
  - 23: {fileID: 1993747622}
  - 95: {fileID: 1993747621}
  - 54: {fileID: 1993747620}
  - 64: {fileID: 1993747619}
  m_Layer: 10
  m_Name: Puck
  m_TagString: Untagged
  m_Icon: {fileID: 0}
  m_NavMeshLayer: 0
  m_StaticEditorFlags: 0
  m_IsActive: 1
--- !u!64 &1993747619
MeshCollider:
  m_ObjectHideFlags: 0
  m_PrefabParentObject: {fileID: 6408274, guid: 2f20f4473e64fa645954721fc2220756,
    type: 2}
  m_PrefabInternal: {fileID: 1354447663}
  m_GameObject: {fileID: 1993747618}
  m_Material: {fileID: 13400000, guid: ca9cadcf22af0144d86aa36f93deb237, type: 2}
  m_IsTrigger: 0
  m_Enabled: 1
  serializedVersion: 2
  m_Convex: 1
  m_Mesh: {fileID: 4300018, guid: d210c5a389a53334e8dd6e033bf3f09a, type: 3}
--- !u!54 &1993747620
Rigidbody:
  m_ObjectHideFlags: 0
  m_PrefabParentObject: {fileID: 5433520, guid: 2f20f4473e64fa645954721fc2220756,
    type: 2}
  m_PrefabInternal: {fileID: 1354447663}
  m_GameObject: {fileID: 1993747618}
  serializedVersion: 2
  m_Mass: 1
  m_Drag: 0
  m_AngularDrag: 0.05
  m_UseGravity: 1
  m_IsKinematic: 0
  m_Interpolate: 0
  m_Constraints: 0
  m_CollisionDetection: 1
--- !u!95 &1993747621
Animator:
  serializedVersion: 3
  m_ObjectHideFlags: 0
  m_PrefabParentObject: {fileID: 9556086, guid: 2f20f4473e64fa645954721fc2220756,
    type: 2}
  m_PrefabInternal: {fileID: 1354447663}
  m_GameObject: {fileID: 1993747618}
  m_Enabled: 1
  m_Avatar: {fileID: 9000000, guid: d210c5a389a53334e8dd6e033bf3f09a, type: 3}
  m_Controller: {fileID: 0}
  m_CullingMode: 0
  m_UpdateMode: 0
  m_ApplyRootMotion: 0
  m_LinearVelocityBlending: 0
  m_WarningMessage: 
  m_HasTransformHierarchy: 1
  m_AllowConstantClipSamplingOptimization: 1
--- !u!23 &1993747622
MeshRenderer:
  m_ObjectHideFlags: 0
  m_PrefabParentObject: {fileID: 2348618, guid: 2f20f4473e64fa645954721fc2220756,
    type: 2}
  m_PrefabInternal: {fileID: 1354447663}
  m_GameObject: {fileID: 1993747618}
  m_Enabled: 1
  m_CastShadows: 1
  m_ReceiveShadows: 1
  m_Materials:
  - {fileID: 2100000, guid: 021e320310a581f42bea7a898c4e7c99, type: 2}
  m_SubsetIndices: 
  m_StaticBatchRoot: {fileID: 0}
  m_UseLightProbes: 1
  m_ReflectionProbeUsage: 1
  m_ProbeAnchor: {fileID: 0}
  m_ScaleInLightmap: 1
  m_PreserveUVs: 0
  m_IgnoreNormalsForChartDetection: 0
  m_ImportantGI: 0
  m_MinimumChartSize: 4
  m_AutoUVMaxDistance: 0.5
  m_AutoUVMaxAngle: 89
  m_LightmapParameters: {fileID: 0}
  m_SortingLayerID: 0
  m_SortingOrder: 0
--- !u!33 &1993747623
MeshFilter:
  m_ObjectHideFlags: 0
  m_PrefabParentObject: {fileID: 3382330, guid: 2f20f4473e64fa645954721fc2220756,
    type: 2}
  m_PrefabInternal: {fileID: 1354447663}
  m_GameObject: {fileID: 1993747618}
  m_Mesh: {fileID: 4300018, guid: d210c5a389a53334e8dd6e033bf3f09a, type: 3}
--- !u!4 &1993747624
Transform:
  m_ObjectHideFlags: 0
  m_PrefabParentObject: {fileID: 470654, guid: 2f20f4473e64fa645954721fc2220756, type: 2}
  m_PrefabInternal: {fileID: 1354447663}
  m_GameObject: {fileID: 1993747618}
  m_LocalRotation: {x: -0.7071068, y: 0, z: -0, w: 0.7071068}
  m_LocalPosition: {x: -0.32, y: 40.09, z: 16.96}
  m_LocalScale: {x: 0.3, y: 0.3, z: 0.5}
  m_Children: []
  m_Father: {fileID: 0}
  m_RootOrder: 3
--- !u!1 &2093670427
GameObject:
  m_ObjectHideFlags: 0
  m_PrefabParentObject: {fileID: 185436, guid: 11538f27780b457428cae57c4416e517, type: 2}
  m_PrefabInternal: {fileID: 933017890}
  serializedVersion: 4
  m_Component:
  - 4: {fileID: 2093670428}
  - 33: {fileID: 2093670430}
  - 23: {fileID: 2093670429}
  m_Layer: 0
  m_Name: SouthWestPillar
  m_TagString: Untagged
  m_Icon: {fileID: 0}
  m_NavMeshLayer: 0
  m_StaticEditorFlags: 0
  m_IsActive: 1
--- !u!4 &2093670428
Transform:
  m_ObjectHideFlags: 0
  m_PrefabParentObject: {fileID: 480208, guid: 11538f27780b457428cae57c4416e517, type: 2}
  m_PrefabInternal: {fileID: 933017890}
  m_GameObject: {fileID: 2093670427}
  m_LocalRotation: {x: -0.7071068, y: 0, z: -0, w: 0.7071068}
  m_LocalPosition: {x: -4.61771, y: 0.31941786, z: 1.5551002}
  m_LocalScale: {x: 0.25, y: 0.25, z: 1}
  m_Children: []
  m_Father: {fileID: 389226694}
  m_RootOrder: 6
--- !u!23 &2093670429
MeshRenderer:
  m_ObjectHideFlags: 0
  m_PrefabParentObject: {fileID: 2388214, guid: 11538f27780b457428cae57c4416e517,
    type: 2}
  m_PrefabInternal: {fileID: 933017890}
  m_GameObject: {fileID: 2093670427}
  m_Enabled: 1
  m_CastShadows: 1
  m_ReceiveShadows: 1
  m_Materials:
  - {fileID: 2100000, guid: ea54e27988d1a0c49803a8439c8bafa2, type: 2}
  m_SubsetIndices: 
  m_StaticBatchRoot: {fileID: 0}
  m_UseLightProbes: 1
  m_ReflectionProbeUsage: 1
  m_ProbeAnchor: {fileID: 0}
  m_ScaleInLightmap: 1
  m_PreserveUVs: 0
  m_IgnoreNormalsForChartDetection: 0
  m_ImportantGI: 0
  m_MinimumChartSize: 4
  m_AutoUVMaxDistance: 0.5
  m_AutoUVMaxAngle: 89
  m_LightmapParameters: {fileID: 0}
  m_SortingLayerID: 0
  m_SortingOrder: 0
--- !u!33 &2093670430
MeshFilter:
  m_ObjectHideFlags: 0
  m_PrefabParentObject: {fileID: 3372512, guid: 11538f27780b457428cae57c4416e517,
    type: 2}
  m_PrefabInternal: {fileID: 933017890}
  m_GameObject: {fileID: 2093670427}
  m_Mesh: {fileID: 4300004, guid: ff6e8fc6cb6c3604ba2758a4effc07e0, type: 3}
